<record xmlns='http://www.loc.gov/MARC21/slim'><leader>02054ctmaa22003252a 4500</leader><controlfield tag='001'>6357583</controlfield><controlfield tag='005'>20200927201913.0</controlfield><controlfield tag='008'>851121q12001299xx            000 0 ara d</controlfield><datafield ind1=' ' ind2=' ' tag='035'><subfield code='a'>6357583</subfield></datafield><datafield ind1=' ' ind2=' ' tag='040'><subfield code='a'>PUL</subfield><subfield code='c'>PUL</subfield></datafield><datafield ind1=' ' ind2=' ' tag='066'><subfield code='c'>(3</subfield></datafield><datafield ind1='1' ind2=' ' tag='100'><subfield code='a'>Khāṭirī, Aḥmad ibn Muḥammad.</subfield></datafield><datafield ind1='1' ind2='0' tag='245'><subfield code='6'>880-01</subfield><subfield code='a'>Bayān al-ḥikmah.</subfield></datafield><datafield ind1=' ' ind2=' ' tag='500'><subfield code='a'>Fols. 32; 16.8 x 11.5 cm.; written surface 13.7 x 8 cm.; 16 lines to page; on glazed Arabic paper; in naskhi; entries in red.</subfield></datafield><datafield ind1=' ' ind2=' ' tag='500'><subfield code='a'>A work on geometry compiled from the Elements of Euclid, who flourished B.C. 323-285, the Almagest of Ptolemy d. after A.D. 161, and the Method of Archimedes b. ca. B.C. 287 and d. B.C. 212.</subfield></datafield><datafield ind1=' ' ind2=' ' tag='500'><subfield code='a'>Beg.: بسم الله ... الحمد لله الذي کملنا بعقل الفعال</subfield></datafield><datafield ind1=' ' ind2=' ' tag='500'><subfield code='a'>Colophon: ونختم الرسالة بهذا الباب والله اعلم واحکم بالحقىقة</subfield></datafield><datafield ind1=' ' ind2=' ' tag='500'><subfield code='a'>Ruled marginal lines in red. Writing parallel to back of binding. Attached to MS are 44 folios containing a treatise on magic dealing with the properties of the ring of Ṣāliḥ, and another on numbers and their squares, both in Persian and copied A.H. 609 [A.D. 1212]. MS is old and belongs probably to the first half of the XIIIth century. In fair condition; very rare.</subfield></datafield><datafield ind1=' ' ind2=' ' tag='500'><subfield code='a'>Acquired from Brill, Leyden, A.D. 1900.</subfield></datafield><datafield ind1=' ' ind2=' ' tag='530'><subfield code='a'>Also available in an electronic version.</subfield></datafield><datafield ind1=' ' ind2='0' tag='650'><subfield code='a'>Mathematics, Arab</subfield><subfield code='v'>Early works to 1800.</subfield><subfield code='0'>http://id.loc.gov/authorities/subjects/sh2010100523</subfield></datafield><datafield ind1=' ' ind2='0' tag='650'><subfield code='a'>Geometry</subfield><subfield code='v'>Early works to 1800.</subfield><subfield code='0'>http://id.loc.gov/authorities/subjects/sh85054134</subfield></datafield><datafield ind1=' ' ind2='0' tag='650'><subfield code='a'>Euclid&apos;s Elements</subfield><subfield code='v'>Early works to 1800.</subfield></datafield><datafield ind1=' ' ind2='0' tag='650'><subfield code='a'>Islamic magic</subfield><subfield code='v'>Early works to 1800.</subfield></datafield><datafield ind1=' ' ind2='7' tag='655'><subfield code='a'>Manuscripts, Arabic</subfield><subfield code='y'>13th century.</subfield><subfield code='2'>lcsh</subfield></datafield><datafield ind1=' ' ind2='7' tag='655'><subfield code='a'>Manuscripts, Persian</subfield><subfield code='y'>13th century.</subfield><subfield code='2'>lcsh</subfield></datafield><datafield ind1='0' ind2=' ' tag='700'><subfield code='a'>Ptolemy,</subfield><subfield code='d'>active 2nd century.</subfield><subfield code='t'>Almagest.</subfield><subfield code='0'>http://id.loc.gov/authorities/names/n83229412</subfield></datafield><datafield ind1='0' ind2=' ' tag='700'><subfield code='a'>Archimedes.</subfield><subfield code='t'>Method.</subfield></datafield><datafield ind1='4' ind2='1' tag='856'><subfield code='u'>http://arks.princeton.edu/ark:/88435/wm117s27v</subfield></datafield><datafield ind1='1' ind2='0' tag='880'><subfield code='6'>245-01/r</subfield><subfield code='a'>بىان الحکمة.</subfield></datafield><datafield ind1='8' ind2='0' tag='852'><subfield code='0'>6347607</subfield><subfield code='b'>hsvm</subfield><subfield code='h'>Islamic Manuscripts, Garrett no. 541H</subfield></datafield><datafield ind1='8' ind2=' ' tag='852'><subfield code='0'>10444457</subfield><subfield code='b'>elf1</subfield><subfield code='h'>Electronic Resource</subfield></datafield><datafield ind1=' ' ind2=' ' tag='959'><subfield code='a'>2010-12-14 13:43:59 +0000</subfield></datafield></record>
